@Inbook{el_paper,
author="Aa, Han
and Leopold, Henrik
and Reijers, Hajo A.",
chapter="Detecting Inconsistencies Between Process Models and Textual Descriptions",
title="Business Process Management: 13th International Conference, BPM 2015, Innsbruck, Austria, August 31 - September 3, 2015, Proceedings",
year="2015",
publisher="Springer International Publishing",
address="Cham",
pages="90-105",
isbn="978-3-319-23063-4",
doi="10.1007/978-3-319-23063-4_6",
url="http://dx.doi.org/10.1007/978-3-319-23063-4_6"
}

@inproceedings{text2bpm,
  title={Process model generation from natural language text},
  author={Friedrich, Fabian and Mendling, Jan and Puhlmann, Frank},
  booktitle={Advanced Information Systems Engineering},
  pages={482--496},
  year={2011},
  organization={Springer}
}

@article{nou_paper,
  title={Dealing with Behavioral Ambiguity in Textual Process Descriptions},
  author={Han van der Aalst and Henrik Leopold and Hajo A. Reijers},
}

@article{soundness,
  title={Soundness of workflow nets: classification, decidability, and analysis},
  author={van der Aalst, Wil MP and van Hee, Kees M and ter Hofstede, Arthur HM and Sidorova, Natalia and Verbeek, HMW and Voorhoeve, Marc and Wynn, Moe Thandar},
  journal={Formal Aspects of Computing},
  volume={23},
  number={3},
  pages={333--363},
  year={2011},
  publisher={Springer}
}

@online{similarity,
 title = {Mining similarity using euclidean distance, pearson correlation and filtering.},
 url = {http://mines.humanoriented.com/classes/2010/fall/csci568/portfolio_exports/mvoget/similarity/similarity.html},
 year = 2010
}

@online{text2process_models,
 title = {Text2Process Test Data Models},
 url = {https://github.com/FabianFriedrich/Text2Process/},
 author = {Fabian Fredrich},
}

@online{camunda_models,
 title = {BPMN for research},
 url = {https://github.com/camunda/bpmn-for-research},
 year = 2016
}

@misc{nlp_ml,
    author = {Richard Socher},
    title = {Deep Learning for NLP without magic},
    year = 2014
}

@misc{nlp_dl,
    author = {Michael Collins},
    title = {Machine Learning Methods in Natural Language Processing}
}

@article{bpm_state_art,
    author = {A. Tiwari and C.J. Turner and B. Majeed},
    title = {A review of business process mining: state‐of‐the‐art and future trends},
    journal = {Business Process Management Journal},
    volume = {14},
    number = {1},
    pages = {5-22},
    year = {2008}
}

@book{bpmn_spec,
    author = {Felix Kossak
    and Christa Illibauer
    and Verena Geist
    and Jan Kubovy
    and Christine Natschläger
    and Thomas Ziebermayr
    and Theodorich Kopetzky
    and Bernhard Freudenthaler
    and Klaus-Dieter Schewe},
    title = {A Rigorous Semantics for BPMN 2.0 Process Diagrams.},
    year = 2014,
    isbn = {978-3-319-09930-9}
}

@inproceedings{hospital_ref,
  author    = {Cristina Cabanillas and
               David Knuplesch and
               Manuel Resinas and
               Manfred Reichert and
               Jan Mendling and
               Antonio Ruiz Cort{\'{e}}s},
  title     = {RALph: {A} Graphical Notation for Resource Assignments in Business
               Processes},
  booktitle = {Advanced Information Systems Engineering - 27th International Conference,
               CAiSE 2015, Stockholm, Sweden, June 8-12, 2015, Proceedings},
  pages     = {53--68},
  year      = {2015},
  crossref  = {DBLP:conf/caise/2015},
  url       = {http://dx.doi.org/10.1007/978-3-319-19069-3_4},
  doi       = {10.1007/978-3-319-19069-3_4},
  timestamp = {Wed, 27 May 2015 15:43:41 +0200},
  biburl    = {http://dblp.uni-trier.de/rec/bib/conf/caise/CabanillasKRRMC15},
  bibsource = {dblp computer science bibliography, http://dblp.org}
}




@article{stanford_parser,
 author="Cristopher D. Manning
  and Mihai Surdeanu
  and John Bauer",
 title={The Stanford CoreNLP Natural Language Processing Toolkit},
 year={2014}
}

@article{ai_completeness,
author="Roman V. Yampolskiy",
title={Turing Test as a Defining Feature of AI-Completeness},
year={2012}
}

@article{CP,
 author = {Dechter, R.},
 title = {Constraint Processing (The Morgan Kaufmann Series in Artificial Intelligence)},
 publisher = {Morgan Kaufmann},
 month = may,
 year = 2003
}

@book{ILP,
  title={Theory of linear and integer programming},
  author={Schrijver, Alexander},
  year={1998},
  publisher={John Wiley \& Sons}
}


@article{LAP,
 ISSN = {03684245},
 URL = {http://www.jstor.org/stable/2098689},
 author = {James Munkres},
 journal = {Journal of the Society for Industrial and Applied Mathematics},
 number = {1},
 pages = {32-38},
 publisher = {Society for Industrial and Applied Mathematics},
 title = {Algorithms for the Assignment and Transportation Problems},
 volume = {5},
 year = {1957}
}

@article{freeling,
author={Lluís Padró
and Evgeny Stanilovsky},
title = {FreeLing 3.0: Towards Wider Multilinguality. Proceedings of the Language Resources and Evaluation Conference (LREC 2012) ELRA.},
year = {2012}
}

@article{textserver,
author={Lluís Padró
and Jordi Turmo},
title = {TextServer: Cloud-based Multilingual Natural Language Processing. Proceedings of the 15th IEEE International Conference on Data Mining (ICDM'15) IEEE.},
year = {2012}
}

@misc{agile_manifesto,
  title = {Manifesto for Agile Software Developement},
  howpublished = {\url{http://www.agilemanifesto.org/}},
  note = {Accedit a: 28-02-2016}
}

@article{text_with_bpmn,
  author={Leopold, H.
  and Mendling, J.
  and Polyvyanny, A.},
  title = {Supporting process model validation through natural language generation},
  publisher="IEEE Transactions on Software Engineering",
  year={2014}
 }
 
@incollection{behavioral_profiles,
  title={Business process model abstraction based on behavioral profiles},
  author={Smirnov, Sergey and Weidlich, Matthias and Mendling, Jan},
  booktitle={Service-Oriented Computing},
  pages={1--16},
  year={2010},
  publisher={Springer}
}
 
@inproceedings{petrinets,
  title={Use of Petri Nets and business processes management notation in modeling and simulation of multimodal logistics chains},
  author={Koniewski, Ryszard and Dzielinski, Andrzej and Amborski, Krzysztof},
  booktitle={Proceedings 20th European Conference on Modeling and Simulation, Institute of Control and Industrial Electronics, Warsaw University of Technology},
  pages={28-31},
  year={2006},
  organization={Citeseer}
}

@book{dragon_book,
 author    = {Aho, A.V.
 and Sethi, R.
 and Ullman, J.D}, 
 title     = {Compilers: Principles, techniques and tools},
 publisher = {Addison-Wesley},
 year      = 2007,
 address   = {The address},
 edition   = 2,
 isbn      = {9780321491695}
}
