@Inbook{el_paper,
    author="Aa, Han and Leopold, Henrik and Reijers, Hajo A.",
    chapter="Detecting Inconsistencies Between Process Models and Textual Descriptions",
    title="Business Process Management: 13th International Conference, BPM 2015, Innsbruck, Austria, August 31 -- September 3, 2015, Proceedings",
    year="2015",
    publisher="Springer International Publishing",
    address="Cham",
    pages="90--105",
    isbn="978-3-319-23063-4",
    doi="10.1007/978-3-319-23063-4_6",
    url="http://dx.doi.org/10.1007/978-3-319-23063-4_6"
}

@article{stanford_parser,
     author="Cristopher D. Manning
           and Mihai Surdeanu
             and John Bauer",
      title={The Stanford CoreNLP Natural Language Processing Toolkit},
       year={2014}
}

@article{ai_completeness,
    author="Roman V. Yampolskiy",
    title={Turing Test as a Defining Feature of AI-Completeness},
    year={2012}
}

@article{LAP,
     ISSN = {03684245},
      URL = {http://www.jstor.org/stable/2098689},
       author = {James Munkres},
        journal = {Journal of the Society for Industrial and Applied Mathematics},
         number = {1},
          pages = {32-38},
           publisher = {Society for Industrial and Applied Mathematics},
            title = {Algorithms for the Assignment and Transportation Problems},
             volume = {5},
              year = {1957}
}

@article{freeling,
    author={Lluís Padró
        and Evgeny Stanilovsky},
    title = {FreeLing 3.0: Towards Wider Multilinguality. Proceedings of the Language Resources and Evaluation Conference (LREC 2012) ELRA.},
    year = {2012}
}

@article{textserver,
    author={Lluís Padró
        and Jordi Turmo},
    title = {TextServer: Cloud-based Multilingual Natural Language Processing. Proceedings of the 15th IEEE International Conference on Data Mining (ICDM'15) IEEE.},
    year = {2012}
}

@misc{agile_manifesto,
      title = {Manifesto for Agile Software Developement},
        howpublished = {\url{http://www.agilemanifesto.org/}},
          note = {Accedit a: 28-02-2016}
}

@article{text_with_bpmn,
      author={Leopold, H.
            and Mendling, J.
                  and Polyvyanny, A.},
        title = {Supporting process model validation through natural language generation},
          publisher="IEEE Transactions on Software Engineering",
            year={2014}
       }


